@Article{jabref,
  author  = {Oliver Kopp and Carl Christian Snethlage and Christoph Schwentker},
  title   = {JabRef: BibTeX-based literature management software},
  journal = {TUGboat},
  issn    = {0896-3207},
  issue   = {138},
  volume  = {44},
  number  = {3},
  pages   = {441--447},
  doi     = {10.47397/tb/44-3/tb138kopp-jabref},
  year    = {2023},
}
